<?xml version="1.0" encoding="UTF-8"?><record xmlns="http://www.loc.gov/MARC21/slim" xmlns:cinclude="http://apache.org/cocoon/include/1.0" xmlns:zs="http://www.loc.gov/zing/srw/">
  <leader>00639cz  a2200181n  4500</leader>
  <controlfield tag="001">n 2007204976</controlfield>
  <controlfield tag="003">DLC</controlfield>
  <controlfield tag="005">20081125074942.0</controlfield>
  <controlfield tag="008">081113n| acannaabn          |a aaa      </controlfield>
  <datafield tag="010" ind1=" " ind2=" ">
    <subfield code="a">n 2007204976</subfield>
  </datafield>
  <datafield tag="040" ind1=" " ind2=" ">
    <subfield code="a">DLC</subfield>
    <subfield code="b">eng</subfield>
    <subfield code="c">DLC</subfield>
  </datafield>
  <datafield tag="100" ind1="0" ind2=" ">
    <subfield code="a">Ja'afar Onn,</subfield>
    <subfield code="d">1933-</subfield>
  </datafield>
  <datafield tag="400" ind1="1" ind2=" ">
    <subfield code="a">Onn, Ja'afar,</subfield>
    <subfield code="d">1933-</subfield>
  </datafield>
  <datafield tag="400" ind1="0" ind2=" ">
    <subfield code="a">Ja'afar Onn,</subfield>
    <subfield code="c">Dato',</subfield>
    <subfield code="d">1933-</subfield>
  </datafield>
  <datafield tag="400" ind1="1" ind2=" ">
    <subfield code="a">Onn, Dato' Ja'afar,</subfield>
    <subfield code="d">1933-</subfield>
  </datafield>
  <datafield tag="400" ind1="0" ind2=" ">
    <subfield code="a">Dato' Ja'afar Onn,</subfield>
    <subfield code="d">1933-</subfield>
  </datafield>
  <datafield tag="400" ind1="0" ind2=" ">
    <subfield code="a">Ja'afar,</subfield>
    <subfield code="c">Dato',</subfield>
    <subfield code="d">1933-</subfield>
  </datafield>
  <datafield tag="670" ind1=" " ind2=" ">
    <subfield code="a">UMNO dan Malayan Union, c2007:</subfield>
    <subfield code="b">t.p. (Ja'afar Onn) cover p. 4 (Lt. Jen. (B) Dato' Ja'afar Onn) p. v (Dato' Ja'afar Onn; b. Mar. 20, 1933 in Siglap, Singapore; Dato Ja'afar)</subfield>
  </datafield>
</record>